<?xml version="1.0" encoding="UTF-8"?><record xmlns="http://www.loc.gov/MARC21/slim" xmlns:cinclude="http://apache.org/cocoon/include/1.0" xmlns:zs="http://www.loc.gov/zing/srw/">
  <leader>00389nz  a2200121n  4500</leader>
  <controlfield tag="001">n 2010014949</controlfield>
  <controlfield tag="003">DLC</controlfield>
  <controlfield tag="005">20100313074848.0</controlfield>
  <controlfield tag="008">100312n| acannaabn          |n aaa      </controlfield>
  <datafield tag="010" ind1=" " ind2=" ">
    <subfield code="a">n 2010014949</subfield>
  </datafield>
  <datafield tag="040" ind1=" " ind2=" ">
    <subfield code="a">DLC</subfield>
    <subfield code="b">eng</subfield>
    <subfield code="c">DLC</subfield>
  </datafield>
  <datafield tag="100" ind1="1" ind2=" ">
    <subfield code="a">Ryan, Maria,</subfield>
    <subfield code="d">1979-</subfield>
  </datafield>
  <datafield tag="670" ind1=" " ind2=" ">
    <subfield code="a">Ryan, Maria. Neoconservatism and the new American century, 2010:</subfield>
    <subfield code="b">ECIP t.p. (Maria Ryan) data view (Maria Ryan, b. Apr. 8, 1979)</subfield>
  </datafield>
</record>